@article{DBLP:journals/corr/abs-1807-03367,
  author    = {Harm de Vries and
               Kurt Shuster and
               Dhruv Batra and
               Devi Parikh and
               Jason Weston and
               Douwe Kiela},
  title     = {Talk the Walk: Navigating New York City through Grounded Dialogue},
  journal   = {CoRR},
  volume    = {abs/1807.03367},
  year      = {2018},
  url       = {http://arxiv.org/abs/1807.03367},
  archivePrefix = {arXiv},
  eprint    = {1807.03367},
  timestamp = {Mon, 13 Aug 2018 16:48:04 +0200},
  biburl    = {https://dblp.org/rec/bib/journals/corr/abs-1807-03367},
  bibsource = {dblp computer science bibliography, https://dblp.org}
}

@inproceedings{Suhr2017ACO,
	title={A Corpus of Natural Language for Visual Reasoning},
	author={Alane Suhr and Mike Lewis and James Yeh and Yoav Artzi},
	booktitle={ACL},
	year={2017}
}


@article{RL,
	author    = {S.R.K.Branavan and
	Harr Chen and
	Luke S. Zettlemoyer and
	Regina Barzilay},
	title     = {Reinforcement Learning for Mapping Instructions to Actions},
	year      = {2009}
}

@book{NLPbook,
    author = {Steven Bird and Ewan Klein and Edward Loper},
    title = {Natural Language Processing with Python},
    year = {2009},
    publisher = {O'Reilly Media},
    address = {Sebastopol, CA, United States}
}

@article{DBLP:journals/corr/abs-1807-02383,
    author    = {Sonit Singh},
    title     = {Natural Language Processing for Information Extraction},
    journal   = {CoRR},
    volume    = {abs/1807.02383},
    year      = {2018},
    url       = {http://arxiv.org/abs/1807.02383},
    archivePrefix = {arXiv},
    eprint    = {1807.02383},
    timestamp = {Mon, 13 Aug 2018 16:46:39 +0200},
    biburl    = {https://dblp.org/rec/bib/journals/corr/abs-1807-02383},
    bibsource = {dblp computer science bibliography, https://dblp.org}
}

@article{DBLP:journals/corr/abs-1711-07280,
    author    = {Peter Anderson and
    Qi Wu and
    Damien Teney and
    Jake Bruce and
    Mark Johnson and
    Niko S{\"{u}}nderhauf and
    Ian D. Reid and
    Stephen Gould and
    Anton van den Hengel},
    title     = {Vision-and-Language Navigation: Interpreting visually-grounded navigation
    instructions in real environments},
    journal   = {CoRR},
    volume    = {abs/1711.07280},
    year      = {2017},
    url       = {http://arxiv.org/abs/1711.07280},
    archivePrefix = {arXiv},
    eprint    = {1711.07280},
    timestamp = {Tue, 19 Mar 2019 13:03:53 +0100},
    biburl    = {https://dblp.org/rec/bib/journals/corr/abs-1711-07280},
    bibsource = {dblp computer science bibliography, https://dblp.org}
}

@article{DBLP:journals/corr/MisraLA17,
    author    = {Dipendra Kumar Misra and
    John Langford and
    Yoav Artzi},
    title     = {Mapping Instructions and Visual Observations to Actions with Reinforcement
    Learning},
    journal   = {CoRR},
    volume    = {abs/1704.08795},
    year      = {2017},
    url       = {http://arxiv.org/abs/1704.08795},
    archivePrefix = {arXiv},
    eprint    = {1704.08795},
    timestamp = {Mon, 13 Aug 2018 16:48:33 +0200},
    biburl    = {https://dblp.org/rec/bib/journals/corr/MisraLA17},
    bibsource = {dblp computer science bibliography, https://dblp.org}
}

@article{DBLP:journals/corr/TesslerGZMM16,
    author    = {Chen Tessler and
    Shahar Givony and
    Tom Zahavy and
    Daniel J. Mankowitz and
    Shie Mannor},
    title     = {A Deep Hierarchical Approach to Lifelong Learning in Minecraft},
    journal   = {CoRR},
    volume    = {abs/1604.07255},
    year      = {2016},
    url       = {http://arxiv.org/abs/1604.07255},
    archivePrefix = {arXiv},
    eprint    = {1604.07255},
    timestamp = {Mon, 13 Aug 2018 16:47:53 +0200},
    biburl    = {https://dblp.org/rec/bib/journals/corr/TesslerGZMM16},
    bibsource = {dblp computer science bibliography, https://dblp.org}
}

@book{NAV,
    author = {Rustam B. Rustamov and Sabina Hasanova and Mahfuza H. Zeynalova},
    title = {Introduction to Navigation Systems, Multi-purposeful Application of Geospatial Data},
    year = {2017},
    publisher = {IntechOpen},
    url = {https://www.intechopen.com/books/multi-purposeful-application-of-geospatial-data/introduction-to-navigation-systems}
    address = {Sebastopol, CA, United States}
}

@inproceedings{ijcai2018-810,
    title     = {Grounded Language Learning: Where Robotics and NLP Meet},
    author    = {Cynthia Matuszek},
    booktitle = {Proceedings of the Twenty-Seventh International Joint Conference on
    Artificial Intelligence, {IJCAI-18}},
    publisher = {International Joint Conferences on Artificial Intelligence Organization},             
    pages     = {5687--5691},
    year      = {2018},
    month     = {7},
    doi       = {10.24963/ijcai.2018/810},
    url       = {https://doi.org/10.24963/ijcai.2018/810},
}

@misc{colah2015, title={Understanding LSTM}, url={https://colah.github.io/posts/2015-08-Understanding-LSTMs/}, journal={colah's blog}, year={2015}, month={Aug}}